@Article{engel2013,
  author = 	 {Engel, S.R. and Dietrich, F.S. and Fisk, D.G. and Binkley, G.
                  and Balakrishnan, R. and Costanzo, M.C. and Dwight, S.S.
		  and Hitz, B.C. and Karra, K. and Nash, R.S. and Weng, S.
		  and Wong, E.D. and Lloyd, P. and Skrzypek, MS.
		  and Miyasato, S.R. and Simison, M. and Cherry, J.M.},
  title = 	 {{The Reference Genome Sequence of \textit{Saccharomyces cerevisiae}: Then and Now}},
  journal = 	 {G3 (Bethesda)},
  year = 	 {2013},
  volume = 	 {4},
  number = 	 {3},
  pages = 	 {389--98},
  note = 	 {PMID:24374639},
  doi = 	 {10.1534/g3.113.008995}
}

@Article{wagih2017,
  author = 	 {Wagih, O},
  title = 	 {{\texttt{ggseqlogo}: a versatile \texttt{R} package for drawing sequence logos}},
  journal = 	 {Bioinformatics},
  year = 	 {2017},
  volume = 	 {33},
  number = 	 {22},
  pages = 	 {3645--47},
  note = 	 {PMID:29036507},
  doi = 	 {10.1093/bioinformatics/btx469}
}

